
@article{smith:99,
   author={de Souza, Paulo C{\'e}zar and de Castro Andrade, Tarciane and de Freitas, Fabr{\'\i}cio Gomes},
  title = {Um Catálogo de Boas Práticas de Escrita de Padrões – {PARTE II}},
  journal = {SugarLoafPlop 2010 - Grupo de Padrões de Software da UECE (GPS.UECE)},
  year = {2010},
}

@article{bernardo2008importancia,
  title={A import{\^a}ncia dos Testes Automatizados},
  author={Bernardo, Paulo Cheque and Kon, Fabio},
  journal={Engenharia de Software Magazine},
  volume={1},
  number={3},
  pages={54--57},
  year={2008}
}

@MISC{Doe:2009:Misc,
author = {Various},
title = {Exceprion Patters},
month = nov,
year = {2017},
url = {http://wiki.c2.com/?ExceptionPatterns}
}


@article{1687854,
author={R. J. Wirfs-Brock},
journal={IEEE Software},
title={Toward Exception-Handling Best Practices and Patterns},
year={2006},
volume={23},
number={5},
pages={11-13},
keywords={exception handling;object-oriented programming;design pattern;exception handling;object-oriented programming;Best practices;Collaboration;Computer errors;Fault detection;Guidelines;Radio access networks;Software design;Software measurement;Software performance;Testing;exception handling},
doi={10.1109/MS.2006.144},
ISSN={0740-7459},
month={Sept},}